<record><leader>00000cas a2200000 a 4500</leader><controlfield tag="001">8463699</controlfield><controlfield tag="008">820526d19772005vauwn ne      0   a0eng d</controlfield><datafield ind1=" " ind2=" " tag="010"><subfield code="a">sn 82002634 </subfield></datafield><datafield ind1=" " ind2=" " tag="040"><subfield code="a">HUC</subfield><subfield code="b">eng</subfield><subfield code="c">HUC</subfield><subfield code="d">NSD</subfield><subfield code="d">OCL</subfield><subfield code="d">NVK</subfield><subfield code="d">OCLCQ</subfield><subfield code="d">OCLCF</subfield><subfield code="d">OCLCO</subfield><subfield code="d">OCL</subfield></datafield><datafield ind1=" " ind2=" " tag="012"><subfield code="j">0</subfield><subfield code="m">1</subfield></datafield><datafield ind1="0" ind2=" " tag="022"><subfield code="a">0744-6632</subfield><subfield code="l">0744-6632</subfield><subfield code="2">1</subfield></datafield><datafield ind1=" " ind2=" " tag="032"><subfield code="a">000266</subfield><subfield code="b">USPS</subfield></datafield><datafield ind1=" " ind2=" " tag="037"><subfield code="b">The Jewish News, P.O. Box 29917, Richmond, VA 23233</subfield></datafield><datafield ind1=" " ind2=" " tag="042"><subfield code="a">nsdp</subfield></datafield><datafield ind1="0" ind2=" " tag="130"><subfield code="a">Jewish news (Richmond, Va.)</subfield></datafield><datafield ind1="0" ind2=" " tag="210"><subfield code="a">Jew. news</subfield><subfield code="b">(Richmond Va.)</subfield></datafield><datafield ind1=" " ind2="4" tag="222"><subfield code="a">The Jewish news</subfield><subfield code="b">(Richmond, Va.)</subfield></datafield><datafield ind1="0" ind2="4" tag="245"><subfield code="a">The Jewish news.</subfield></datafield><datafield ind1="1" ind2="7" tag="246"><subfield code="a">Richmond Jewish news</subfield><subfield code="f">&lt;1995-2005&gt;</subfield></datafield><datafield ind1=" " ind2=" " tag="260"><subfield code="a">Richmond, Va. :</subfield><subfield code="b">Wallace Saval,</subfield><subfield code="c">1977-</subfield></datafield><datafield ind1=" " ind2=" " tag="300"><subfield code="a">v. :</subfield><subfield code="b">ill., ports. ; 38 cm.</subfield></datafield><datafield ind1=" " ind2=" " tag="310"><subfield code="a">Weekly (except last week in July, the first week in Aug., and major Jewish holidays)</subfield><subfield code="b">&lt;, July 18, 1986-&gt;</subfield></datafield><datafield ind1=" " ind2=" " tag="321"><subfield code="a">Weekly during the school year</subfield><subfield code="b">&lt;Apr. 9, 1982-&gt;</subfield></datafield><datafield ind1=" " ind2=" " tag="321"><subfield code="a">Weekly</subfield><subfield code="b">&lt;, Aug. 27, 1982-&gt;</subfield></datafield><datafield ind1="0" ind2=" " tag="362"><subfield code="a">Vol. 1, no. 1 (Feb. 11, 1977)-</subfield></datafield><datafield ind1="1" ind2=" " tag="362"><subfield code="a">Ceased in 2005.</subfield></datafield><datafield ind1=" " ind2=" " tag="500"><subfield code="a">"A weekly review of Jewish events."</subfield></datafield><datafield ind1=" " ind2=" " tag="550"><subfield code="a">Vols. for &lt;Aug. 27, 1982-&gt; published by Friends of Lubavitch, Inc.; &lt;July 18, 1986-&gt; by Cong. Chabad Lubavitch.</subfield></datafield><datafield ind1=" " ind2="0" tag="650"><subfield code="a">Jewish newspapers</subfield><subfield code="z">Virginia</subfield><subfield code="z">Richmond.</subfield></datafield><datafield ind1=" " ind2="0" tag="651"><subfield code="a">Richmond (Va.)</subfield><subfield code="v">Newspapers.</subfield></datafield><datafield ind1=" " ind2="7" tag="650"><subfield code="a">Jewish newspapers.</subfield><subfield code="2">fast</subfield><subfield code="0">(OCoLC)fst00982872</subfield></datafield><datafield ind1=" " ind2="7" tag="651"><subfield code="a">Virginia</subfield><subfield code="z">Richmond.</subfield><subfield code="2">fast</subfield><subfield code="0">(OCoLC)fst01205345</subfield></datafield><datafield ind1=" " ind2="7" tag="655"><subfield code="a">Newspapers.</subfield><subfield code="2">fast</subfield><subfield code="0">(OCoLC)fst01423814</subfield></datafield><datafield ind1="2" ind2=" " tag="710"><subfield code="a">Friends of Lubavitch, Inc.</subfield></datafield><datafield ind1="2" ind2=" " tag="710"><subfield code="a">Chabad Lubavitch (Organization)</subfield></datafield><datafield ind1="0" ind2="0" tag="785"><subfield code="t">Virginia Jewish news</subfield><subfield code="w">(DLC)sn2007060662</subfield></datafield><datafield ind1=" " ind2=" " tag="936"><subfield code="a">Issue for: Sept. 19, 2005 LIC</subfield></datafield></record>